<record><leader>01883cam a2200481 i 4500</leader><controlfield tag="001">6769146</controlfield><controlfield tag="003">OCoLC</controlfield><controlfield tag="005">20141223134145.0</controlfield><controlfield tag="008">140707t20152015caua     b    001 0 eng  </controlfield><datafield ind1=" " ind2=" " tag="010"><subfield code="a">  2014023507</subfield></datafield><datafield ind1=" " ind2=" " tag="015"><subfield code="a">GBB4C7106</subfield><subfield code="2">bnb</subfield></datafield><datafield ind1=" " ind2=" " tag="015"><subfield code="a">GBB4C8414</subfield><subfield code="2">bnb</subfield></datafield><datafield ind1="7" ind2=" " tag="016"><subfield code="a">016940214</subfield><subfield code="2">Uk</subfield></datafield><datafield ind1="7" ind2=" " tag="016"><subfield code="a">016941522</subfield><subfield code="2">Uk</subfield></datafield><datafield ind1=" " ind2=" " tag="020"><subfield code="a">9781483344157</subfield><subfield code="q">paperback</subfield></datafield><datafield ind1=" " ind2=" " tag="020"><subfield code="a">1483344150</subfield><subfield code="q">paperback</subfield></datafield><datafield ind1=" " ind2=" " tag="035"><subfield code="a">ocn879248018</subfield></datafield><datafield ind1=" " ind2=" " tag="040"><subfield code="a">DLC</subfield><subfield code="b">eng</subfield><subfield code="e">rda</subfield><subfield code="c">DLC</subfield><subfield code="d">YDX</subfield><subfield code="d">BTCTA</subfield><subfield code="d">BDX</subfield><subfield code="d">YDXCP</subfield><subfield code="d">UKMGB</subfield><subfield code="d">SINIE</subfield><subfield code="d">UAB</subfield></datafield><datafield ind1=" " ind2=" " tag="042"><subfield code="a">pcc</subfield></datafield><datafield ind1=" " ind2=" " tag="043"><subfield code="a">n-us---</subfield></datafield><datafield ind1="0" ind2="0" tag="050"><subfield code="a">LC1201</subfield><subfield code="b">.K87 2015</subfield></datafield><datafield ind1="0" ind2="0" tag="082"><subfield code="a">371.9/0460973</subfield><subfield code="2">23</subfield></datafield><datafield ind1=" " ind2=" " tag="090"><subfield code="a">LC 1201 K87 2015</subfield><subfield code="b">AFMK</subfield></datafield><datafield ind1=" " ind2=" " tag="090"><subfield code="a">LC 1201 K87 2015</subfield><subfield code="b">AEU</subfield></datafield><datafield ind1=" " ind2=" " tag="090"><subfield code="a">LC1201 .K87 2015</subfield><subfield code="b">AEGMCT</subfield></datafield><datafield ind1="1" ind2=" " tag="100"><subfield code="a">Kurth, Jennifer A.,</subfield><subfield code="e">author</subfield></datafield><datafield ind1="1" ind2="4" tag="245"><subfield code="a">The inclusion toolbox :</subfield><subfield code="b">strategies and techniques for all teachers /</subfield><subfield code="c">Jennifer A. Kurth, Megan Gross.</subfield></datafield><datafield ind1=" " ind2="1" tag="264"><subfield code="a">Thousand Oaks, California :</subfield><subfield code="b">Corwin, a SAGE company,</subfield><subfield code="c">[2015]</subfield></datafield><datafield ind1=" " ind2="4" tag="264"><subfield code="c">&#169;2015</subfield></datafield><datafield ind1=" " ind2=" " tag="300"><subfield code="a">xxi, 256 pages :</subfield><subfield code="b">illustrations ;</subfield><subfield code="c">28 cm</subfield></datafield><datafield ind1=" " ind2=" " tag="336"><subfield code="a">text</subfield><subfield code="b">txt</subfield><subfield code="2">rdacontent</subfield></datafield><datafield ind1=" " ind2=" " tag="337"><subfield code="a">unmediated</subfield><subfield code="b">n</subfield><subfield code="2">rdamedia</subfield></datafield><datafield ind1=" " ind2=" " tag="338"><subfield code="a">volume</subfield><subfield code="b">nc</subfield><subfield code="2">rdacarrier</subfield></datafield><datafield ind1=" " ind2=" " tag="504"><subfield code="a">Includes bibliographical references and index.</subfield></datafield><datafield ind1=" " ind2=" " tag="596"><subfield code="a">8 29 41</subfield></datafield><datafield ind1=" " ind2="0" tag="650"><subfield code="a">Inclusive education</subfield><subfield code="z">United States.</subfield></datafield><datafield ind1=" " ind2="0" tag="650"><subfield code="a">Special education</subfield><subfield code="z">United States.</subfield></datafield><datafield ind1=" " ind2="0" tag="650"><subfield code="a">Students with disabilities</subfield><subfield code="x">Education</subfield><subfield code="z">United States.</subfield></datafield><datafield ind1="1" ind2=" " tag="700"><subfield code="a">Gross, Megan,</subfield><subfield code="e">author.</subfield></datafield><datafield ind1=" " ind2=" " tag="949"><subfield code="a">LC 1201 K87 2015</subfield><subfield code="c">1</subfield><subfield code="h">UAED-B</subfield><subfield code="i">0162035212461</subfield></datafield><datafield ind1=" " ind2=" " tag="926"><subfield code="a">LC 1201 K87 2015</subfield><subfield code="w">LC</subfield><subfield code="c">1</subfield><subfield code="i">0162035212461</subfield><subfield code="l">FLOOR_2</subfield><subfield code="m">UAEDUC</subfield><subfield code="p">$150.00</subfield><subfield code="r">Y</subfield><subfield code="s">Y</subfield><subfield code="t">BOOK</subfield><subfield code="u">1/9/2015</subfield></datafield><datafield ind1=" " ind2=" " tag="926"><subfield code="a">LC1201 .K87 2015</subfield><subfield code="w">LC</subfield><subfield code="c">1</subfield><subfield code="i">1007435751</subfield><subfield code="d">2/10/2015</subfield><subfield code="l">ON_SHELF</subfield><subfield code="m">GR_MACEWAN</subfield><subfield code="p">$37.61</subfield><subfield code="r">Y</subfield><subfield code="s">Y</subfield><subfield code="t">BOOK</subfield><subfield code="u">1/28/2015</subfield></datafield><datafield ind1=" " ind2=" " tag="926"><subfield code="a">LC 1201 K87 2015</subfield><subfield code="w">LC</subfield><subfield code="c">1</subfield><subfield code="i">34917001374516</subfield><subfield code="d">2/23/2017</subfield><subfield code="e">2/22/2017</subfield><subfield code="l">ON_SHELF</subfield><subfield code="m">KEYANO</subfield><subfield code="n">3</subfield><subfield code="p">$42.35</subfield><subfield code="r">Y</subfield><subfield code="s">Y</subfield><subfield code="t">BOOK</subfield><subfield code="u">3/11/2015</subfield><subfield code="o">.STAFF. Rec'd Mar/15 CTTS</subfield></datafield></record>